@article{Metodiev_2017,
   title={Classification without labels: learning from mixed samples in high energy physics},
   volume={2017},
   ISSN={1029-8479},
   url={http://dx.doi.org/10.1007/JHEP10(2017)174},
   DOI={10.1007/jhep10(2017)174},
   number={10},
   journal={Journal of High Energy Physics},
   publisher={Springer Science and Business Media LLC},
   author={Metodiev, Eric M. and Nachman, Benjamin and Thaler, Jesse},
   year={2017},
   month={Oct}
}
