@inproceedings{Barlow,
    author = "Barlow, Roger",
    title = "{Systematic errors: Facts and fictions}",
    booktitle = "{Conference on Advanced Statistical Techniques in Particle Physics}",
    eprint = "hep-ex/0207026",
    archivePrefix = "arXiv",
    reportNumber = "MAN-HEP-02-01",
    pages = "134--144",
    month = "7",
    year = "2002"
}

@article{theory_Oset_photoproduction,
author = {Roca, Luis and Oset, E. and Toki, Hiroshi},
year = {2004},
month = {12},
pages = {},
title = {Testing the nature of the ${\Lambda} (1520)$ resonance through photoproduction}
}

@article{Ronniger2012,
author = {Ronniger, Michael and Metsch, Bernard},
year = {2012},
month = {07},
pages = {},
title = {Effects of a spin-flavour dependent interaction on light-flavouredbaryon helicity amplitudes},
volume = {49},
journal = {The European Physical Journal A},
doi = {10.1140/epja/i2013-13008-9}
}


@article{Zweig,
title={An {SU}(3) Model for Strong Interaction Symmetry and its Breaking},
author={Zweig, George},
journal = {CERN Report},
volume = {8182/TH.401},
year = {1964},
month = {Jen}
}

@article{Gell-Mann,
title={A schematic model of baryons and mesons},
author={Gell-Mann, Murray},
 journal = {Physics Letters},
  volume = {8},
  issue = {3},
  pages = {214-215},
  year = {1964},
  month = {Feb}
}

@article{Neyman-Pearson,
title={On the problem of the most efficient tests of statistical hypotheses},
volume={231},
ISSN={0264-3952},
DOI={10.1098/rsta.1933.0009},
url={https://doi.org/10.1098/rsta.1933.0009},
journal={Philosophical Transactions of the Royal Society of London},
publisher={Royal Society},
author={Neyman, Jerzy and Pearson, Egon S.},
year={1933},
month={Feb}
}

@article{Metodiev_2017,
   title={Classification without labels: learning from mixed samples in high energy physics},
   volume={2017},
   ISSN={1029-8479},
   url={http://dx.doi.org/10.1007/JHEP10(2017)174},
   DOI={10.1007/jhep10(2017)174},
   number={10},
   journal={Journal of High Energy Physics},
   publisher={Springer Science and Business Media LLC},
   author={Metodiev, Eric M. and Nachman, Benjamin and Thaler, Jesse},
   year={2017},
   month={Oct}
}

@inbook{DA_CERN,
author = {Wanke, Rainer},
publisher = {John Wiley & Sons, Ltd},
isbn = {9783527653416},
title = {How to Deal with Systematic Uncertainties},
booktitle = {Data Analysis in High Energy Physics},
chapter = {8},
pages = {263-296},
doi = {https://doi.org/10.1002/9783527653416.ch8},
url = {https://onlinelibrary.wiley.com/doi/abs/10.1002/9783527653416.ch8},
eprint = {https://onlinelibrary.wiley.com/doi/pdf/10.1002/9783527653416.ch8},
year = {},
keywords = {systematic uncertainty, detection, uncertainty estimation, bias, cut variation},
abstract = {Summary This chapter contains sections titled: Introduction What Are Systematic Uncertainties? Detection of Possible Systematic Uncertainties Estimation of Systematic Uncertainties How to Avoid Systematic Uncertainties Conclusion Exercise References}
}

